<?xml version="1.0" encoding="UTF-8"?><collection xmlns="http://www.loc.gov/MARC21/slim"><record><leader>00343nam--2200121-i-4500</leader><controlfield tag="001">000018001</controlfield><controlfield tag="002">20161230</controlfield><controlfield tag="005">20161230201032</controlfield><controlfield tag="008">060222s1000------------r-----000-0-eng-d</controlfield><datafield ind1=" " ind2=" " tag="245"><subfield code="a">Electromagnetically enriched izotopes and mass spectrometry.proceedings</subfield></datafield><datafield ind1=" " ind2=" " tag="260"><subfield code="a">London, Butterworths, 1956. Xvi + 272p.Cu Fig</subfield></datafield><datafield ind1=" " ind2=" " tag="700"><subfield code="a">Smith</subfield></datafield><datafield ind1=" " ind2=" " tag="852"><subfield code="a">12044</subfield></datafield></record></collection>